@misc{Git教程-廖雪峰的官方网站,
author={{廖雪峰}},
title={Git教程-廖雪峰的官方网站},
note={\url{https://www.liaoxuefeng.com/wiki/896043488029600}}
}

@misc{,
howpublished={[EB/OL]},
author={Arnaud Cheritat},
titli={Mandelbrot set},
note={\url{https://www.math.univ-toulouse.fr/~cheritat/wiki-draw/index.php/Mandelbrot_set}Accessed June 29,2022}
}